<record xmlns:xsi="http://www.w3.org/2001/XMLSchema-instance" xmlns="http://www.loc.gov/MARC21/slim" xsi:schemaLocation="http://www.loc.gov/MARC21/slim http://www.loc.gov/standards/marcxml/schema/MARC21slim.xsd">

  <leader>00672nam a2200193Ia 4500</leader>
  <datafield ind1=" " tag="090" ind2=" ">
    <subfield code="a">CD #25</subfield>
  </datafield>
  <datafield tag="110" ind2=" " ind1=" ">
    <subfield code="a">Red Latinoamericana de Información y Documentación en Educación</subfield>
  </datafield>
  <datafield ind1=" " ind2=" " tag="245">
    <subfield code="a">REDUC</subfield>
  </datafield>
  <datafield tag="260" ind2=" " ind1=" ">
    <subfield code="a">Buenos Aires, Argentina :  </subfield>
    <subfield code="b">XL Sistemas, </subfield>
    <subfield code="c">2001</subfield>
  </datafield>
  <datafield ind1=" " tag="300" ind2=" ">
    <subfield code="a">Disco compacto</subfield>
  </datafield>
  <datafield ind1=" " tag="500" ind2=" ">
    <subfield code="a">El centro posee: vol. I y II</subfield>
  </datafield>
  <datafield tag="520" ind2=" " ind1=" ">
    <subfield code="a">Resúmenes y textos completos sobre estudios e investigación realizasdos en el campo de la educación en los países de América Latina y el Caribe.</subfield>
  </datafield>
  <datafield ind2=" " tag="650" ind1=" ">
    <subfield code="a">REDES DE INFORMACIÓN</subfield>
  </datafield>
  <datafield tag="650" ind2=" " ind1=" ">
    <subfield code="a">SISTEMAS DE INFORMACIÓN</subfield>
  </datafield>
  <datafield tag="650" ind2=" " ind1=" ">
    <subfield code="a">EDUCACIÓN</subfield>
  </datafield>
  <datafield ind1=" " tag="650" ind2=" ">
    <subfield code="a">INVESTIGACIÓN</subfield>
  </datafield>
  <datafield ind1=" " tag="942" ind2=" ">
    <subfield code="p">00394  </subfield>
  </datafield>
  <datafield ind1=" " ind2=" " tag="942">
    <subfield code="p">00625 </subfield>
  </datafield>
  <datafield ind1=" " ind2=" " tag="999">
    <subfield code="c">2493</subfield>
    <subfield code="d">2493</subfield>
  </datafield>
</record>